@inproceedings{rotelex,
   author={Günter Rote},
   title={Lexicographic Fréchet Matchings},
   booktitle={30th European Workshop on Computational Geometry},
   organization={EuroCG},
   year=2014
}

@article{altgodau,
  author  = {Helmut Alt and Michael Godau}, 
  title   = {Computing the Fréchet distance between two polygonal curves},
  journal = {International Journal of Computational Geometry \& Applications},
  year    = 1995,
  number  = {01n02},
  pages   = {75-91},
  volume  = 5
}